@article{davis2020stimulus,
  title={Stimulus Onset Hub: An open-source, low latency, and opto-isolated trigger box for neuroscientific research replicability and beyond},
  author={Davis, Charles E and Martin, Jacob G and Thorpe, Simon J},
  journal={Frontiers in Neuroinformatics},
  volume={14},
  year={2020},
  publisher={Frontiers Media SA}
}

@article{larocco2020systemic,
  title={A systemic review of available low-cost EEG headsets used for drowsiness detection},
  author={LaRocco, John and Le, Minh Dong and Paeng, Dong-Guk},
  journal={Frontiers in neuroinformatics},
  volume={14},
  year={2020},
  publisher={Frontiers Media SA}
}

@article{martinez2016low,
  title={Are low cost Brain Computer Interface headsets ready for motor imagery applications?},
  author={Martinez-Leon, Juan-Antonio and Cano-Izquierdo, Jose-Manuel and Ibarrola, Julio},
  journal={Expert Systems with Applications},
  volume={49},
  pages={136--144},
  year={2016},
  publisher={Elsevier}
}

@article{doudou2018light,
  title={A Light on Physiological Sensors for Efficient Driver Drowsiness Detection System},
  author={Doudou, Messaoud and Bouabdallah, Abdelmadjid and Cherfaoui, Veronique},
  year={2018}
}

@article{vogel2004neural,
  title={Neural activity predicts individual differences in visual working memory capacity},
  author={Vogel, Edward K and Machizawa, Maro G},
  journal={Nature},
  volume={428},
  number={6984},
  pages={748--751},
  year={2004},
  publisher={Nature Publishing Group}
}


@article{villena2020data,
  title={Data from brain activity during visual working memory replicates the correlation between contralateral delay activity and memory capacity},
  author={Villena-Gonz{\'a}lez, Mario and Rubio-Venegas, Iv{\'a}n and L{\'o}pez, Vladimir},
  journal={Data in brief},
  volume={28},
  pages={105042},
  year={2020},
  publisher={Elsevier}
}


@article{choi2013electroencephalography,
  title={Electroencephalography (EEG)-based neurofeedback training for brain--computer interface (BCI)},
  author={Choi, Kyuwan},
  journal={Experimental brain research},
  volume={231},
  number={3},
  pages={351--365},
  year={2013},
  publisher={Springer}
}


@article{llanos2013mu,
  title={Mu-rhythm changes during the planning of motor and motor imagery actions},
  author={Llanos, Catalina and Rodriguez, Manuel and Rodriguez-Sabate, Clara and Morales, Ingrid and Sabate, Magdalena},
  journal={Neuropsychologia},
  volume={51},
  number={6},
  pages={1019--1026},
  year={2013},
  publisher={Elsevier}
}


@inproceedings{perdikis2014subject,
  title={Subject-oriented training for motor imagery brain-computer interfaces},
  author={Perdikis, Serafeim and Leeb, Robet and Mill{\'a}n, Jos{\'e} del R},
  booktitle={2014 36th Annual International Conference of the IEEE Engineering in Medicine and Biology Society},
  pages={1259--1262},
  year={2014},
  organization={IEEE}
}


@article{newsome1972visual,
  title={Visual angle and apparent size of objects in peripheral vision},
  author={Newsome, LR},
  journal={Perception \& Psychophysics},
  volume={12},
  number={3},
  pages={300--304},
  year={1972},
  publisher={Springer}
}

@article{lee2019eeg,
  title={EEG dataset and OpenBMI toolbox for three BCI paradigms: an investigation into BCI illiteracy},
  author={Lee, Min-Ho and Kwon, O-Yeon and Kim, Yong-Jeong and Kim, Hong-Kyung and Lee, Young-Eun and Williamson, John and Fazli, Siamac and Lee, Seong-Whan},
  journal={GigaScience},
  volume={8},
  number={5},
  pages={giz002},
  year={2019},
  publisher={Oxford University Press}
}

@article{cho2017eeg,
  title={EEG datasets for motor imagery brain--computer interface},
  author={Cho, Hohyun and Ahn, Minkyu and Ahn, Sangtae and Kwon, Moonyoung and Jun, Sung Chan},
  journal={GigaScience},
  volume={6},
  number={7},
  pages={gix034},
  year={2017},
  publisher={Oxford University Press}
}

@article{wilson2010procedure,
  title={A procedure for measuring latencies in brain--computer interfaces},
  author={Wilson, J Adam and Mellinger, J{\"u}rgen and Schalk, Gerwin and Williams, Justin},
  journal={IEEE transactions on biomedical engineering},
  volume={57},
  number={7},
  pages={1785--1797},
  year={2010},
  publisher={IEEE}
}

@article{mora2020brain,
  title={A brain--computer interface for the continuous, real-time monitoring of working memory load in real-world environments},
  author={Mora-S{\'a}nchez, Aldo and Pulini, Alfredo-Aram and Gaume, Antoine and Dreyfus, G{\'e}rard and Vialatte, Fran{\c{c}}ois-Beno{\^\i}t},
  journal={Cognitive neurodynamics},
  pages={1--21},
  year={2020},
  publisher={Springer}
}

@article{nicolas-alonso_brain_2012,
    title = {Brain {Computer} {Interfaces}, a {Review}},
    volume = {12},
    issn = {1424-8220},
    url = {http://www.mdpi.com/1424-8220/12/2/1211},
    doi = {10.3390/s120201211},
    language = {en},
    number = {2},
    urldate = {2021-05-04},
    journal = {Sensors},
    author = {Nicolas-Alonso, Luis Fernando and Gomez-Gil, Jaime},
    month = jan,
    year = {2012},
    pages = {1211--1279},
}


@article{georgopoulos2007synchronous,
  title={Synchronous neural interactions assessed by magnetoencephalography: a functional biomarker for brain disorders},
  author={Georgopoulos, Apostolos P and Karageorgiou, Elissaios and Leuthold, Arthur C and Lewis, Scott M and Lynch, Joshua K and Alonso, Aurelio A and Aslam, Zaheer and Carpenter, Adam F and Georgopoulos, Angeliki and Hemmy, Laura S and others},
  journal={Journal of neural engineering},
  volume={4},
  number={4},
  pages={349},
  year={2007},
  publisher={IOP Publishing}
}

@book{nam2018brain,
  title={Brain--computer interfaces handbook: technological and theoretical advances},
  author={Nam, Chang S and Nijholt, Anton and Lotte, Fabien},
  year={2018},
  publisher={CRC Press}
}


@article{baillet2001electromagnetic,
  title={Electromagnetic brain mapping},
  author={Baillet, Sylvain and Mosher, John C and Leahy, Richard M},
  journal={IEEE Signal processing magazine},
  volume={18},
  number={6},
  pages={14--30},
  year={2001},
  publisher={Ieee}
}


@misc{laureys2009functional,
  title={Functional neuroimaging in the neurology of consciousness: cognitive neuroscience and neuropathology},
  author={Laureys, S and Boly, M and Tononi, G},
  year={2009},
  publisher={Steven Laureys, Giulio Tononi. The Neurology of Consciousness: Cognitive~â€¦}
}

@inproceedings{eaton2013bcmi,
  title={BCMI systems for musical performance},
  author={Eaton, Joel and Miranda, Eduardo},
  booktitle={10th International Symposium on Computer Music Multidisciplinary Research (CMMR): Sound, Music and Motion},
  year={2013},
  organization={Citeseer}
}


@article{wolpaw2002brain,
  title={Brain--computer interfaces for communication and control},
  author={Wolpaw, Jonathan R and Birbaumer, Niels and McFarland, Dennis J and Pfurtscheller, Gert and Vaughan, Theresa M},
  journal={Clinical neurophysiology},
  volume={113},
  number={6},
  pages={767--791},
  year={2002},
  publisher={Elsevier}
}

@mastersthesis{madrid2014brain,
  title={Brain computer interface},
  author={Madrid Sobrino, Mar{\'\i}a},
  year={2014}
}


@article{peterson2020feasibility,
  title={A feasibility study of a complete low-cost consumer-grade brain-computer interface system},
  author={Peterson, Victoria and Galv{\'a}n, Catalina and Hern{\'a}ndez, Hugo and Spies, Ruben},
  journal={Heliyon},
  volume={6},
  number={3},
  pages={e03425},
  year={2020},
  publisher={Elsevier}
}


@article{arico2014influence,
  title={Influence of P300 latency jitter on event related potential-based brain--computer interface performance},
  author={Aric{\`o}, P and Aloise, F and Schettini, F and Salinari, S and Mattia, D and Cincotti, F},
  journal={Journal of neural engineering},
  volume={11},
  number={3},
  pages={035008},
  year={2014},
  publisher={IOP Publishing}
}


@inproceedings{huang2017real,
  title={A real-time distributed computing mechanism for P300 speller BCI},
  author={Huang, Wei and Huang, Zhihua},
  booktitle={2017 10th International Congress on Image and Signal Processing, BioMedical Engineering and Informatics (CISP-BMEI)},
  pages={1--5},
  year={2017},
  organization={IEEE}
}


@article{renard2010openvibe,
  title={Openvibe: An open-source software platform to design, test, and use brain--computer interfaces in real and virtual environments},
  author={Renard, Yann and Lotte, Fabien and Gibert, Guillaume and Congedo, Marco and Maby, Emmanuel and Delannoy, Vincent and Bertrand, Olivier and L{\'e}cuyer, Anatole},
  journal={Presence: teleoperators and virtual environments},
  volume={19},
  number={1},
  pages={35--53},
  year={2010},
  publisher={MIT Press}
}


@inproceedings{frey2016comparison,
  title={Comparison of a consumer grade EEG amplifier with medical grade equipment in BCI applications},
  author={Frey, J{\'e}r{\'e}my},
  booktitle={International BCI meeting},
  year={2016}
}



@inproceedings{kreps2011kafka,
  title={Kafka: A distributed messaging system for log processing},
  author={Kreps, Jay and Narkhede, Neha and Rao, Jun and others},
  booktitle={Proceedings of the NetDB},
  volume={11},
  pages={1--7},
  year={2011}
}



@inproceedings{khalid2009towards,
  title={Towards a brain computer interface using wavelet transform with averaged and time segmented adapted wavelets},
  author={Khalid, Muhammad Bilal and Rao, Naveed Iqbal and Rizwan-i-Haque, Intisar and Munir, Sarmad and Tahir, Farhan},
  booktitle={2009 2nd international conference on computer, control and communication},
  pages={1--4},
  year={2009},
  organization={IEEE}
}

@article{kisakye2013brain,
  title={Brain computer interfaces: OpenViBE as a platform for a p300 speller},
  author={Kisakye, Herbert S},
  year={2013}
}

@article{zhu2010survey,
  title={A survey of stimulation methods used in SSVEP-based BCIs},
  author={Zhu, Danhua and Bieger, Jordi and Garcia Molina, Gary and Aarts, Ronald M},
  journal={Computational intelligence and neuroscience},
  volume={2010},
  year={2010},
  publisher={Hindawi}
}

@article{fanourakis2020remote,
  title={Remote Multi-Player Synchronization using the Labstreaming Layer System},
  author={Fanourakis, Marios Aristogenis and Lopes, Phil and Chanel, Guillaume},
  year={2020}
}

@inproceedings{sugiarto2009application,
  title={Application of Distributed System in Neuroscience, A Case Study of BCI Framework},
  author={Sugiarto, Indar and Putro, Iwan Handoyo},
  booktitle={The 1st international seminar on science and technology},
  year={2009}
}


@article{cardenas2017enhanced,
  title={Enhanced data representation by kernel metric learning for dementia diagnosis},
  author={C{\'a}rdenas-Pe{\~n}a, David and Collazos-Huertas, Diego and Castellanos-Dominguez, German},
  journal={Frontiers in neuroscience},
  volume={11},
  pages={413},
  year={2017},
  publisher={Frontiers}
}


@article{collazos2019instance,
  title={Instance-based representation using multiple kernel learning for predicting conversion to Alzheimer disease},
  author={Collazos-Huertas, D and C{\'a}rdenas-Pe{\~n}a, David and Castellanos-Dominguez, Germ{\'a}n},
  journal={International journal of neural systems},
  volume={29},
  number={02},
  pages={1850042},
  year={2019},
  publisher={World Scientific}
}

@inproceedings{pulgarin2017relevant,
  title={Relevant kinematic feature selection to support human action recognition in MoCap data},
  author={Pulgarin-Giraldo, Juan D and Ruales-Torres, AA and {\'A}lvarez-Meza, Andr{\'e}s Marino and Castellanos-Dominguez, Germ{\'a}n},
  booktitle={International Work-Conference on the Interplay Between Natural and Artificial Computation},
  pages={501--509},
  year={2017},
  organization={Springer}
}

@inproceedings{hurtado2016identification,
  title={Identification of relevant inter-channel EEG connectivity patterns: a kernel-based supervised approach},
  author={Hurtado-Rinc{\'o}n, Juana Valeria and Mart{\'\i}nez-Vargas, Juan David and Rojas-Jaramillo, Sebastian and Giraldo, Eduardo and Castellanos-Dominguez, German},
  booktitle={International Conference on Brain Informatics},
  pages={14--23},
  year={2016},
  organization={Springer}
}

@phdthesis{tremmel2019estimating,
  title={Estimating Cognitive Workload in an Interactive Virtual Reality Environment Using Electrophysiological and Kinematic Activity},
  author={Tremmel, Chrisrtoph},
  year={2019},
  school={Old Dominion University}
}

@article{maleki2021brain,
  title={Brain-computer Interface Systems for Smart Homes-A Review Study},
  author={Maleki, Masoud and Manshouri, Negin and Kayikcioglu, Temel},
  journal={Recent Advances in Electrical \& Electronic Engineering (Formerly Recent Patents on Electrical \& Electronic Engineering)},
  volume={14},
  number={2},
  pages={144--155},
  year={2021},
  publisher={Bentham Science Publishers}
}

@article{polat2021eeg,
  title={EEG based brain-computer interface control applications: A comprehensive review},
  author={Polat, Kemal and Aygun, Abdullah Bilal and Kavsaoglu, Ahmet Resit},
  journal={Journal of Bionic Memory},
  volume={1},
  number={1},
  pages={20--33},
  year={2021}
}


@article{vasiljevic2020brain,
  title={Brain--computer interface games based on consumer-grade EEG Devices: A systematic literature review},
  author={Vasiljevic, Gabriel Alves Mendes and de Miranda, Leonardo Cunha},
  journal={International Journal of Human--Computer Interaction},
  volume={36},
  number={2},
  pages={105--142},
  year={2020},
  publisher={Taylor \& Francis}
}

@article{taherian2018caregiver,
  title={Caregiver and special education staff perspectives of a commercial brain-computer interface as access technology: a qualitative study},
  author={Taherian, Sarvnaz and Davies, T Claire},
  journal={Brain-Computer Interfaces},
  volume={5},
  number={2-3},
  pages={73--87},
  year={2018},
  publisher={Taylor \& Francis}
}

@article{mudgal2020brain,
  title={Brain computer interface advancement in neurosciences: Applications and issues},
  author={Mudgal, Shiv Kumar and Sharma, Suresh K and Chaturvedi, Jitender and Sharma, Anil},
  journal={Interdisciplinary Neurosurgery},
  volume={20},
  pages={100694},
  year={2020},
  publisher={Elsevier}
}

@book{bansal2019eeg,
  title={EEG-Based Brain-Computer Interfaces: Cognitive Analysis and Control Applications},
  author={Bansal, Dipali and Mahajan, Rashima},
  year={2019},
  publisher={Academic Press}
}

@article{wolpaw2012brain,
  title={Brain-Computer Interfaces: Principles and Practice},
  author={Wolpaw, Jonathan and Wolpaw, Elizabeth Winter},
  year={2012}
}

@article{schalk2004bci2000,
  title={BCI2000: a general-purpose brain-computer interface (BCI) system},
  author={Schalk, Gerwin and McFarland, Dennis J and Hinterberger, Thilo and Birbaumer, Niels and Wolpaw, Jonathan R},
  journal={IEEE Transactions on biomedical engineering},
  volume={51},
  number={6},
  pages={1034--1043},
  year={2004},
  publisher={IEEE}
}


@misc{neurobehavioralsystems_2022, url={https://www.neurobs.com/menu_presentation/menu_features/features_overview}, journal={Neurobs.com}, year={2022} }

@misc{psychology_software_tools_2017, 
url={https://pstnet.com/}, 
journal={Psychology Software Tools | Solutions for Research, Assessment, and Education}, 
year={2017}, month={Jun}
}

@misc{inquisit_lab_overview_2022, url={https://www.millisecond.com/products/inquisit6/laboverview.aspx}, journal={Millisecond.com}, year={2022} }


@misc{g.bcisys_2021, url={https://www.gtec.at/product/bcisystem/}, journal={BCI SYSTEM | g.tec medical engineering GmbH}, year={2021}, month={Oct} }

@article{delorme2004eeglab,
  title={EEGLAB: an open source toolbox for analysis of single-trial EEG dynamics including independent component analysis},
  author={Delorme, Arnaud and Makeig, Scott},
  journal={Journal of neuroscience methods},
  volume={134},
  number={1},
  pages={9--21},
  year={2004},
  publisher={Elsevier}
}


@article{brainard1997psychophysics,
  title={The psychophysics toolbox},
  author={Brainard, David H and Vision, Spatial},
  journal={Spatial vision},
  volume={10},
  number={4},
  pages={433--436},
  year={1997}
}


@article{oostenveld2011fieldtrip,
  title={FieldTrip: open source software for advanced analysis of MEG, EEG, and invasive electrophysiological data},
  author={Oostenveld, Robert and Fries, Pascal and Maris, Eric and Schoffelen, Jan-Mathijs},
  journal={Computational intelligence and neuroscience},
  volume={2011},
  year={2011},
  publisher={Hindawi}
}

@article{tadel2011brainstorm,
  title={Brainstorm: a user-friendly application for MEG/EEG analysis},
  author={Tadel, Fran{\c{c}}ois and Baillet, Sylvain and Mosher, John C and Pantazis, Dimitrios and Leahy, Richard M},
  journal={Computational intelligence and neuroscience},
  volume={2011},
  year={2011},
  publisher={Hindawi}
}

@article{hwang2019nimh,
  title={NIMH MonkeyLogic: Behavioral control and data acquisition in MATLAB},
  author={Hwang, Jaewon and Mitz, Andrew R and Murray, Elisabeth A},
  journal={Journal of neuroscience methods},
  volume={323},
  pages={13--21},
  year={2019},
  publisher={Elsevier}
}


@article{peirce2019psychopy2,
  title={PsychoPy2: Experiments in behavior made easy},
  author={Peirce, Jonathan and Gray, Jeremy R and Simpson, Sol and MacAskill, Michael and H{\"o}chenberger, Richard and Sogo, Hiroyuki and Kastman, Erik and Lindel{\o}v, Jonas Kristoffer},
  journal={Behavior research methods},
  volume={51},
  number={1},
  pages={195--203},
  year={2019},
  publisher={Springer}
}

@article{mathot2012opensesame,
  title={OpenSesame: An open-source, graphical experiment builder for the social sciences},
  author={Math{\^o}t, Sebastiaan and Schreij, Daniel and Theeuwes, Jan},
  journal={Behavior research methods},
  volume={44},
  number={2},
  pages={314--324},
  year={2012},
  publisher={Springer}
}


@misc{imec_2022, url={https://www.imec-int.com/en/eeg}, journal={EEG headset | imec}, year={2022} }

@inproceedings{laport2019comparative,
  title={A Comparative Study of Low Cost Open Source EEG Devices},
  author={Laport, Francisco and Vazquez-Araujo, Francisco J and Iglesia, Daniel and Castro, Paula M and Dapena, Adriana},
  booktitle={Multidisciplinary Digital Publishing Institute Proceedings},
  volume={21},
  number={1},
  pages={40},
  year={2019}
}


@article{nicolas2012brain,
  title={Brain computer interfaces, a review},
  author={Nicolas-Alonso, Luis Fernando and Gomez-Gil, Jaime},
  journal={sensors},
  volume={12},
  number={2},
  pages={1211--1279},
  year={2012},
  publisher={Molecular Diversity Preservation International}
}

@inproceedings{kostiukevych2021convolutional,
  title={Convolutional and recurrent neural networks for physical action forecasting by brain-computer interface},
  author={Kostiukevych, Kostiantyn and Stirenko, Sergii and Gordienko, Nikita and Rokovyi, Oleksandr and Alienin, Oleg and Gordienko, Yuri},
  booktitle={2021 11th IEEE International Conference on Intelligent Data Acquisition and Advanced Computing Systems: Technology and Applications (IDAACS)},
  volume={2},
  pages={973--978},
  year={2021},
  organization={IEEE}
}

@article{changoluisa2020low,
  title={A low-cost computational method for characterizing event-related potentials for BCI applications and beyond},
  author={Changoluisa, Vinicio and Varona, Pablo and Rodr{\'\i}guez, Francisco De Borja},
  journal={IEEE Access},
  volume={8},
  pages={111089--111101},
  year={2020},
  publisher={IEEE}
}

@article{mridha2021brain,
  title={Brain-computer interface: Advancement and challenges},
  author={Mridha, MF and Das, Sujoy Chandra and Kabir, Muhammad Mohsin and Lima, Aklima Akter and Islam, Md and Watanobe, Yutaka and others},
  journal={Sensors},
  volume={21},
  number={17},
  pages={5746},
  year={2021},
  publisher={Multidisciplinary Digital Publishing Institute}
}

@inproceedings{ahmadi2012brain,
  title={Brain-computer interface signal processing algorithms: A computational cost vs. accuracy analysis for wearable computers},
  author={Ahmadi, Ali and Dehzangi, Omid and Jafari, Roozbeh},
  booktitle={2012 Ninth International Conference on Wearable and Implantable Body Sensor Networks},
  pages={40--45},
  year={2012},
  organization={IEEE}
}


@article{netzer2020real,
  title={Real-time EEG classification via coresets for BCI applications},
  author={Netzer, Eitan and Frid, Alex and Feldman, Dan},
  journal={Engineering applications of artificial intelligence},
  volume={89},
  pages={103455},
  year={2020},
  publisher={Elsevier}
}


@article{hasan2020computationally,
  title={A computationally efficient method for hybrid EEG-fNIRS BCI based on the Pearson correlation},
  author={Hasan, Mustafa AH and Khan, Muhammad U and Mishra, Deepti},
  journal={BioMed Research International},
  volume={2020},
  year={2020},
  publisher={Hindawi}
}

@article{bouchard2016high,
  title={High-performance computing in neuroscience for data-driven discovery, integration, and dissemination},
  author={Bouchard, Kristofer E and Aimone, James B and Chun, Miyoung and Dean, Thomas and Denker, Michael and Diesmann, Markus and Donofrio, David D and Frank, Loren M and Kasthuri, Narayanan and Koch, Chirstof and others},
  journal={Neuron},
  volume={92},
  number={3},
  pages={628--631},
  year={2016},
  publisher={Elsevier}
}


@article{abe2021neuroscience,
  title={Neuroscience cloud analysis as a service},
  author={Abe, Taiga and Kinsella, Ian and Saxena, Shreya and Buchanan, E Kelly and Couto, Joao and Briggs, John and Kitt, Sian Lee and Glassman, Ryan and Zhou, John and Paninski, Liam and others},
  journal={bioRxiv},
  pages={2020--06},
  year={2021},
  publisher={Cold Spring Harbor Laboratory}
}




@article{muniz2009rtbiomanager,
  title={RTBiomanager: a software platform to expand the applications of real-time technology in neuroscience},
  author={Mu{\~n}iz, Carlos and Rodr{\'\i}guez, Francisco de Borja and Varona, Pablo},
  journal={BMC Neuroscience},
  volume={10},
  number={1},
  pages={1--2},
  year={2009},
  publisher={Springer}
}


@article{potter2014closed,
  title={Closed-loop neuroscience and neuroengineering},
  author={Potter, Steve M and El Hady, Ahmed and Fetz, Eberhard E},
  journal={Frontiers in neural circuits},
  volume={8},
  pages={115},
  year={2014},
  publisher={Frontiers}
}






@article{amaducci2019rthybrid,
  title={RTHybrid: a standardized and open-source real-time software model library for experimental neuroscience},
  author={Amaducci, Rodrigo and Reyes-Sanchez, Manuel and Elices, Irene and Rodriguez, Francisco B and Varona, Pablo},
  journal={Frontiers in Neuroinformatics},
  volume={13},
  pages={11},
  year={2019},
  publisher={Frontiers}
}


@article{wessel2019switching,
  title={Switching software in science: Motivations, challenges, and solutions},
  author={Wessel, Jan R and Gorgolewski, Krzysztof J and Bellec, Pierre},
  journal={Trends in cognitive sciences},
  volume={23},
  number={4},
  pages={265--267},
  year={2019},
  publisher={Elsevier}
}

@incollection{ordikhani2018augmenting,
  title={Augmenting attention with brain--computer interfaces},
  author={Ordikhani-Seyedlar, Mehdi and Lebedev, Mikhail A},
  booktitle={Brain--Computer Interfaces Handbook},
  pages={549--560},
  year={2018},
  publisher={CRC Press}
}




@incollection{brunner2018bci,
  title={BCI Software},
  author={Brunner, Peter and Schalk, Gerwin},
  booktitle={Brain--Computer Interfaces Handbook},
  pages={323--340},
  year={2018},
  publisher={CRC Press}
}

@article{palaus2017neural,
  title={Neural basis of video gaming: A systematic review},
  author={Palaus, Marc and Marron, Elena M and Viejo-Sobera, Raquel and Redolar-Ripoll, Diego},
  journal={Frontiers in human neuroscience},
  pages={248},
  year={2017},
  publisher={Frontiers}
}

@article{lecuyer2008brain,
  title={Brain-computer interfaces, virtual reality, and videogames},
  author={L{\'e}cuyer, Anatole and Lotte, Fabien and Reilly, Richard B and Leeb, Robert and Hirose, Michitaka and Slater, Mel},
  journal={Computer},
  volume={41},
  number={10},
  pages={66--72},
  year={2008},
  publisher={IEEE}
}

@article{bassolino2018non,
  title={Non-invasive brain stimulation of motor cortex induces embodiment when integrated with virtual reality feedback},
  author={Bassolino, Michela and Franza, Matteo and Bello Ruiz, J and Pinardi, Mattia and Schmidlin, T and Stephan, MA and Solca, Marko and Serino, Andrea and Blanke, O},
  journal={European Journal of Neuroscience},
  volume={47},
  number={7},
  pages={790--799},
  year={2018},
  publisher={Wiley Online Library}
}



@article{alvarez2015clinical,
  title={Clinical use of EEG in the ICU: technical setting},
  author={Alvarez, Vincent and Rossetti, Andrea O},
  journal={Journal of clinical neurophysiology},
  volume={32},
  number={6},
  pages={481--485},
  year={2015},
  publisher={LWW}
}

@article{beniczky2017standardized,
  title={Standardized computer-based organized reporting of EEG: SCORE--second version},
  author={Beniczky, S{\'a}ndor and Aurlien, Harald and Br{\o}gger, Jan C and Hirsch, Lawrence J and Schomer, Donald L and Trinka, Eugen and Pressler, Ronit M and Wennberg, Richard and Visser, Gerhard H and Eisermann, Monika and others},
  journal={Clinical Neurophysiology},
  volume={128},
  number={11},
  pages={2334--2346},
  year={2017},
  publisher={Elsevier}
}

@article{powell2012democratizing,
  title={Democratizing production through open source knowledge: from open software to open hardware},
  author={Powell, Alison},
  journal={Media, Culture \& Society},
  volume={34},
  number={6},
  pages={691--708},
  year={2012},
  publisher={Sage Publications Sage UK: London, England}
}

@article{legenvre2020open,
  title={Is open hardware worthwhile? Learning from thalesâ€™ experience with RISC-V},
  author={Legenvre, Herv{\'e} and Kauttu, Pietari and Bos, Martin and Khawand, Roger},
  journal={Research-Technology Management},
  volume={63},
  number={4},
  pages={44--53},
  year={2020},
  publisher={Taylor \& Francis}
}

@article{martinez2021open,
  title={The open EEGLAB portal interface: High-performance computing with EEGLAB},
  author={Mart{\'\i}nez-Cancino, Ram{\'o}n and Delorme, Arnaud and Truong, Dung and Artoni, Fiorenzo and Kreutz-Delgado, Kenneth and Sivagnanam, Subhashini and Yoshimoto, Kenneth and Majumdar, Amitava and Makeig, Scott},
  journal={NeuroImage},
  volume={224},
  pages={116778},
  year={2021},
  publisher={Elsevier}
}

@inproceedings{choudhury2019implementation,
  title={Implementation of common spatial pattern algorithm using EEG in BCILAB},
  author={Choudhury, Tanupriya and Tripathi, Amrendra and Arora, Bhawna and Aggarwal, Archit},
  booktitle={International Conference on Recent Developments in Science, Engineering and Technology},
  pages={288--300},
  year={2019},
  organization={Springer}
}

@article{GramfortEtAl2013a,
  title = {{{MEG}} and {{EEG}} Data Analysis with {{MNE}}-{{Python}}},
  author = {Gramfort, Alexandre and Luessi, Martin and Larson, Eric and Engemann, Denis A. and Strohmeier, Daniel and Brodbeck, Christian and Goj, Roman and Jas, Mainak and Brooks, Teon and Parkkonen, Lauri and H{\"a}m{\"a}l{\"a}inen, Matti S.},
  year = {2013},
  volume = {7},
  pages = {1--13},
  doi = {10.3389/fnins.2013.00267},
  journal = {Frontiers in Neuroscience},
  number = {267}
}


@article{appelhoff2021we,
  title={In COM we trust: Feasibility of USB-based event marking},
  author={Appelhoff, Stefan and Stenner, Tristan},
  journal={Behavior Research Methods},
  volume={53},
  number={6},
  pages={2450--2455},
  year={2021},
  publisher={Springer}
}

@article{razavi2022opensync,
  title={OpenSync: An open-source platform for synchronizing multiple measures in neuroscience experiments},
  author={Razavi, Moein and Janfaza, Vahid and Yamauchi, Takashi and Leontyev, Anton and Longmire-Monford, Shanle and Orr, Joseph},
  journal={Journal of neuroscience methods},
  volume={369},
  pages={109458},
  year={2022},
  publisher={Elsevier}
}


@misc{Welcomet25:online,
author = {},
title = {Welcome to PyTablesâ€™ documentation! â€” PyTables 3.7.0 documentation},
howpublished = {\url{https://www.pytables.org/}},
month = {},
year = {},
note = {(Accessed on 03/29/2022)}
}


@misc{Welcomet94:online,
author = {},
title = {Welcome to PyTablesâ€™ documentation! â€” PyTables 3.7.0 documentation},
howpublished = {\url{https://www.pytables.org/}},
month = {},
year = {},
note = {(Accessed on 06/10/2022)}
}

@book{soni2017full,
  title={Full Stack AngularJS for Java Developers: Build a Full-Featured Web Application from Scratch Using AngularJS with Spring RESTful},
  author={Soni, Ravi Kant},
  year={2017},
  publisher={Apress}
}

@article{muller2015python,
  title={Python in neuroscience},
  author={Muller, Eilif and Bednar, James A and Diesmann, Markus and Gewaltig, Marc-Oliver and Hines, Michael and Davison, Andrew P},
  journal={Frontiers in neuroinformatics},
  volume={9},
  pages={11},
  year={2015},
  publisher={Frontiers}
}

@article{assran2020advances,
  title={Advances in asynchronous parallel and distributed optimization},
  author={Assran, Mahmoud and Aytekin, Arda and Feyzmahdavian, Hamid Reza and Johansson, Mikael and Rabbat, Michael G},
  journal={Proceedings of the IEEE},
  volume={108},
  number={11},
  pages={2013--2031},
  year={2020},
  publisher={IEEE}
}

@article{deshmukh2021collaborative,
  title={Collaborative learning based straggler prevention in large-scale distributed computing framework},
  author={Deshmukh, Shyam and Thirupathi Rao, Komati and Shabaz, Mohammad},
  journal={Security and communication networks},
  volume={2021},
  year={2021},
  publisher={Hindawi}
}

@article{duan2021educational,
  title={Educational use of free and open source software (FOSS): international development and its implications for higher education},
  author={Duan, Chenggui and Lee, Tracy K},
  journal={Interactive Technology and Smart Education},
  year={2021},
  publisher={Emerald Publishing Limited}
}

@article{oellermann2022open,
  title={Open Hardware in Science: The Benefits of Open Electronics},
  author={Oellermann, Michael and Jolles, Jolle W and Ortiz, Diego and Seabra, Rui and Wenzel, Tobias and Wilson, Hannah and Tanner, Richelle L},
  journal={Integrative and Comparative Biology},
  year={2022}
}

@book{mukherjee2019smart,
  title={Smart computing with open source platforms},
  author={Mukherjee, Amartya and Dey, Nilanjan},
  year={2019},
  publisher={CRC press}
}

@misc{daemon73:online,
author = {},
title = {daemon},
howpublished = {\url{https://www.freedesktop.org/software/systemd/man/daemon.html}},
month = {},
year = {},
note = {(Accessed on 06/04/2022)}
}

@misc{systemd78:online,
author = {},
title = {systemd},
howpublished = {\url{https://www.freedesktop.org/software/systemd/man/systemd.html#}},
month = {},
year = {},
note = {(Accessed on 06/04/2022)}
}

@article{baddeley2017working,
  title={Working memory: theories, models, and controversies},
  author={Baddeley, Alan D},
  journal={Exploring Working Memory},
  pages={332--369},
  year={2017},
  publisher={Routledge}
}

@article{pavlov2022oscillatory,
  title={Oscillatory brain activity and maintenance of verbal and visual working memory: A systematic review},
  author={Pavlov, Yuri G and Kotchoubey, Boris},
  journal={Psychophysiology},
  volume={59},
  number={5},
  pages={e13735},
  year={2022},
  publisher={Wiley Online Library}
}

@article{zhang2016functional,
  title={Functional connectivity among multi-channel EEGs when working memory load reaches the capacity},
  author={Zhang, Dan and Zhao, Huipo and Bai, Wenwen and Tian, Xin},
  journal={Brain research},
  volume={1631},
  pages={101--112},
  year={2016},
  publisher={Elsevier}
}

@article{dai2017eeg,
  title={EEG cortical connectivity analysis of working memory reveals topological reorganization in theta and alpha bands},
  author={Dai, Zhongxiang and De Souza, Joshua and Lim, Julian and Ho, Paul M and Chen, Yu and Li, Junhua and Thakor, Nitish and Bezerianos, Anastasios and Sun, Yu},
  journal={Frontiers in human neuroscience},
  pages={237},
  year={2017},
  publisher={Frontiers}
}

@article{johnson2019spectral,
  title={Spectral imprints of working memory for everyday associations in the frontoparietal network},
  author={Johnson, Elizabeth L and King-Stephens, David and Weber, Peter B and Laxer, Kenneth D and Lin, Jack J and Knight, Robert T},
  journal={Frontiers in Systems Neuroscience},
  volume={12},
  pages={65},
  year={2019},
  publisher={Frontiers}
}

@article{johnson2018dynamic,
  title={Dynamic frontotemporal systems process space and time in working memory},
  author={Johnson, Elizabeth L and Adams, Jenna N and Solbakk, Anne-Kristin and Endestad, Tor and Larsson, P{\aa}l G and Ivanovic, Jugoslav and Meling, Torstein R and Lin, Jack J and Knight, Robert T},
  journal={PLoS biology},
  volume={16},
  number={3},
  pages={e2004274},
  year={2018},
  publisher={Public Library of Science San Francisco, CA USA}
}

@inproceedings{haeuslschmid2017recognition,
  title={Recognition of text and shapes on a large-sized head-up display},
  author={Haeuslschmid, Renate and Forster, Susanne and Vierheilig, Katharina and Buschek, Daniel and Butz, Andreas},
  booktitle={Proceedings of the 2017 Conference on Designing Interactive Systems},
  pages={821--831},
  year={2017}
}

@article{xu2020two,
  title={Two-level multi-domain feature extraction on sparse representation for motor imagery classification},
  author={Xu, Chunyao and Sun, Chao and Jiang, Guoqian and Chen, Xiaoling and He, Qun and Xie, Ping},
  journal={Biomedical Signal Processing and Control},
  volume={62},
  pages={102160},
  year={2020},
  publisher={Elsevier}
}

@article{garcia2021single,
  title={Single-trial kernel-based functional connectivity for enhanced feature extraction in motor-related tasks},
  author={Garc{\'\i}a-Murillo, Daniel Guillermo and Alvarez-Meza, Andres and Castellanos-Dominguez, German},
  journal={Sensors},
  volume={21},
  number={8},
  pages={2750},
  year={2021},
  publisher={Multidisciplinary Digital Publishing Institute}
}

@article{matsuo2021comparison,
  title={Comparison of cerebral activation between motor execution and motor imagery of self-feeding activity},
  author={Matsuo, Moemi and Iso, Naoki and Fujiwara, Kengo and Moriuchi, Takefumi and Matsuda, Daiki and Mitsunaga, Wataru and Nakashima, Akira and Higashi, Toshio},
  journal={Neural regeneration research},
  volume={16},
  number={4},
  pages={778},
  year={2021},
  publisher={Wolters Kluwer--Medknow Publications}
}

@article{collazos2020cnn,
  title={CNN-based framework using spatial dropping for enhanced interpretation of neural activity in motor imagery classification},
  author={Collazos-Huertas, Diego Fabian and {\'A}lvarez-Meza, Andr{\'e}s Marino and Acosta-Medina, Carlos Daniel and Casta{\~n}o-Duque, GA and Castellanos-Dom{\'\i}nguez, Germ{\'a}n},
  journal={Brain Informatics},
  volume={7},
  number={1},
  pages={1--13},
  year={2020},
  publisher={Springer}
}

@article{galindo2020multiple,
  title={Multiple Kernel Stein Spatial Patterns for the Multiclass Discrimination of Motor Imagery Tasks},
  author={Galindo-Nore{\~n}a, Steven and C{\'a}rdenas-Pe{\~n}a, David and Orozco-Gutierrez, {\'A}lvaro},
  journal={Applied Sciences},
  volume={10},
  number={23},
  pages={8628},
  year={2020},
  publisher={Multidisciplinary Digital Publishing Institute}
}

@article{herrera2019expectation,
  title={Expectation of reward differentially modulates executive inhibition},
  author={Herrera, Paula M and Van Meerbeke, Alberto V{\'e}lez and Speranza, Mario and Cabra, Claudia L{\'o}pez and Bonilla, Mauricio and Canu, Micha{\"e}l and Bekinschtein, Tristan A},
  journal={BMC psychology},
  volume={7},
  number={1},
  pages={1--10},
  year={2019},
  publisher={BioMed Central}
} 

@article{aron2003stop,
  title={Stop-signal inhibition disrupted by damage to right inferior frontal gyrus in humans},
  author={Aron, Adam R and Fletcher, Paul C and Bullmore, Ed T and Sahakian, Barbara J and Robbins, Trevor W},
  journal={Nature neuroscience},
  volume={6},
  number={2},
  pages={115--116},
  year={2003},
  publisher={Nature Publishing Group}
}

@article{dempster1992rise,
  title={The rise and fall of the inhibitory mechanism: Toward a unified theory of cognitive development and aging},
  author={Dempster, Frank N},
  journal={Developmental review},
  volume={12},
  number={1},
  pages={45--75},
  year={1992},
  publisher={Elsevier}
}

@article{bari2013inhibition,
  title={Inhibition and impulsivity: behavioral and neural basis of response control},
  author={Bari, Andrea and Robbins, Trevor W},
  journal={Progress in neurobiology},
  volume={108},
  pages={44--79},
  year={2013},
  publisher={Elsevier}
}
@article{ide2013bayesian,
  title={Bayesian prediction and evaluation in the anterior cingulate cortex},
  author={Ide, Jaime S and Shenoy, Pradeep and Angela, J Yu and Chiang-Shan, R Li},
  journal={Journal of Neuroscience},
  volume={33},
  number={5},
  pages={2039--2047},
  year={2013},
  publisher={Soc Neuroscience}
}


@article{rubia2003right,
  title={Right inferior prefrontal cortex mediates response inhibition while mesial prefrontal cortex is responsible for error detection},
  author={Rubia, Katya and Smith, Anna B and Brammer, Michael J and Taylor, Eric},
  journal={Neuroimage},
  volume={20},
  number={1},
  pages={351--358},
  year={2003},
  publisher={Elsevier}
}

@article{logan1984ability,
  title={On the ability to inhibit thought and action: A theory of an act of control.},
  author={Logan, Gordon D and Cowan, William B},
  journal={Psychological review},
  volume={91},
  number={3},
  pages={295},
  year={1984},
  publisher={American Psychological Association}
}

@article{vialatte2008eeg,
  title={EEG windowed statistical wavelet scoring for evaluation and discrimination of muscular artifacts},
  author={Vialatte, Fran{\c{c}}ois-Benoit and Sol{\'e}-Casals, Jordi and Cichocki, Andrzej},
  journal={Physiological Measurement},
  volume={29},
  number={12},
  pages={1435},
  year={2008},
  publisher={IOP Publishing}
}

@inproceedings{gomez2006automatic,
  title={Automatic removal of ocular artifacts in the EEG without an EOG reference channel},
  author={G{\'o}mez-Herrero, Germ{\'a}n and De Clercq, Wim and Anwar, Haroon and Kara, Olga and Egiazarian, Karen and Van Huffel, Sabine and Van Paesschen, Wim},
  booktitle={Proceedings of the 7th Nordic signal processing symposium-NORSIG 2006},
  pages={130--133},
  year={2006},
  organization={IEEE}
}


@article{wang2016comparison,
  title={Comparison of decoding resolution of standard and high-density electrocorticogram electrodes},
  author={Wang, Po T and King, Christine E and McCrimmon, Colin M and Lin, Jack J and Sazgar, Mona and Hsu, Frank PK and Shaw, Susan J and Millet, David E and Chui, Luis A and Liu, Charles Y and others},
  journal={Journal of neural engineering},
  volume={13},
  number={2},
  pages={026016},
  year={2016},
  publisher={IOP Publishing}
}

@article{guo2020principles,
  title={Principles of functional neural mapping using an intracortical ultra-density microelectrode array (ultra-density MEA)},
  author={Guo, Liang},
  journal={Journal of Neural Engineering},
  volume={17},
  number={3},
  pages={036018},
  year={2020},
  publisher={IOP Publishing}
}

@article{liu2018detecting,
  title={Detecting large-scale brain networks using EEG: impact of electrode density, head modeling and source localization},
  author={Liu, Quanying and Ganzetti, Marco and Wenderoth, Nicole and Mantini, Dante},
  journal={Frontiers in neuroinformatics},
  volume={12},
  pages={4},
  year={2018},
  publisher={Frontiers}
}

@article{enriquez2017eeg,
  title={EEG-neurofeedback as a tool to modulate cognition and behavior: a review tutorial},
  author={Enriquez-Geppert, Stefanie and Huster, Ren{\'e} J and Herrmann, Christoph S},
  journal={Frontiers in human neuroscience},
  volume={11},
  pages={51},
  year={2017},
  publisher={Frontiers}
}

@article{gruber2002modulation,
  title={Modulation of induced gamma band responses in a perceptual learning task in the human EEG},
  author={Gruber, Thomas and M{\"u}ller, Matthias M and Keil, Andreas},
  journal={Journal of cognitive neuroscience},
  volume={14},
  number={5},
  pages={732--744},
  year={2002},
  publisher={MIT Press One Rogers Street, Cambridge, MA 02142-1209, USA journals-info~â€¦}
}

@article{forsyth2018comparison,
  title={Comparison of local spectral modulation, and temporal correlation, of simultaneously recorded EEG/fMRI signals during ketamine and midazolam sedation},
  author={Forsyth, Anna and McMillan, Rebecca and Campbell, Doug and Malpas, Gemma and Maxwell, Elizabeth and Sleigh, Jamie and Dukart, Juergen and Hipp, Joerg F and Muthukumaraswamy, Suresh D},
  journal={Psychopharmacology},
  volume={235},
  number={12},
  pages={3479--3493},
  year={2018},
  publisher={Springer}
}

@article{jones2020infant,
  title={Infant EEG theta modulation predicts childhood intelligence},
  author={Jones, Emily JH and Goodwin, A and Orekhova, E and Charman, T and Dawson, G and Webb, SJ and Johnson, Mark H},
  journal={Scientific reports},
  volume={10},
  number={1},
  pages={1--10},
  year={2020},
  publisher={Nature Publishing Group}
}
